<collection xmlns="http://www.loc.gov/MARC21/slim"><record><leader>00548nam  2200181   450</leader><author>Jorge Gustavo Rocha</author><controlfield tag="001">1536</controlfield><controlfield tag="003">montalegre.opacnet.com/OPAC/default.aspx?ContentAreaControl=ShowRegHoldings.ascx&amp;RegNo=1536</controlfield><datafield tag="100" ind1=" " ind2=" "><subfield code="a">20070503d1963    m  y0pory0103    ba</subfield></datafield><datafield tag="101" ind1="0" ind2=" "><subfield code="a">por</subfield></datafield><datafield tag="102" ind1=" " ind2=" "><subfield code="a">PT</subfield></datafield><datafield tag="200" ind1="1" ind2=" "><subfield code="a">Alvorada</subfield><subfield code="f">Sara de Vasconcelos Carvalho Beirão</subfield></datafield><datafield tag="205" ind1=" " ind2=" "><subfield code="a">3ª ed</subfield></datafield><datafield tag="210" ind1=" " ind2=" "><subfield code="a">Porto</subfield><subfield code="c">Porto Editora</subfield><subfield code="d">[D.L. 1963]</subfield></datafield><datafield tag="215" ind1=" " ind2=" "><subfield code="a">258 p.</subfield><subfield code="d">19 cm</subfield></datafield><datafield tag="225" ind1="2" ind2=" "><subfield code="a">Portuguesa</subfield></datafield><datafield tag="675" ind1=" " ind2=" "><subfield code="a">821.134.3-31"19"</subfield><subfield code="v">BN</subfield><subfield code="z">por</subfield></datafield><datafield tag="700" ind1=" " ind2="1"><subfield code="a">Beirão</subfield><subfield code="b">Sara</subfield><subfield code="f">1884-1974</subfield></datafield><datafield tag="801" ind1=" " ind2="0"><subfield code="a">PT</subfield><subfield code="b">Biblioteca Municipal de Montalegre</subfield><subfield code="g">RPC</subfield></datafield><datafield tag="909" ind1="&#9;" ind2=" "><subfield code="a">1</subfield></datafield><datafield tag="966" ind1=" " ind2=" "><subfield code="a">0012026</subfield><subfield code="l">BMM</subfield><subfield code="s">SCG 821.134.3 BEI alv</subfield></datafield></record></collection>